<record><leader>00000cas a2200000 a 4500</leader><controlfield tag="001">37684716</controlfield><controlfield tag="008">970925c199u9999caumr ne      0    0araoc</controlfield><datafield ind1=" " ind2=" " tag="010"><subfield code="a">sn 97017807 </subfield></datafield><datafield ind1=" " ind2=" " tag="040"><subfield code="a">CLU</subfield><subfield code="b">eng</subfield><subfield code="c">CLU</subfield><subfield code="d">DLC</subfield><subfield code="d">CLU</subfield><subfield code="d">OCLCQ</subfield></datafield><datafield ind1="0" ind2=" " tag="041"><subfield code="a">ara</subfield><subfield code="a">eng</subfield></datafield><datafield ind1=" " ind2=" " tag="042"><subfield code="a">pcc</subfield></datafield><datafield ind1="1" ind2="4" tag="050"><subfield code="a">AP95.A6</subfield><subfield code="b">A54</subfield></datafield><datafield ind1="0" ind2=" " tag="130"><subfield code="a">Akhba&#772;r (Los Angeles, Calif.)</subfield></datafield><datafield ind1="1" ind2="3" tag="245"><subfield code="a">al-Akhba&#772;r.</subfield></datafield><datafield ind1="3" ind2=" " tag="246"><subfield code="a">Akhbar al-mahjari&#772;yah</subfield><subfield code="f">&lt;Sept. 2, 2004-&gt;</subfield></datafield><datafield ind1="1" ind2="3" tag="246"><subfield code="a">Al akhbar</subfield></datafield><datafield ind1=" " ind2=" " tag="260"><subfield code="a">Los Angeles, CA :</subfield><subfield code="b">al-Markaz al-&#699;Arabi&#772; lil-Isti&#699;la&#772;ma&#772;t</subfield></datafield><datafield ind1=" " ind2=" " tag="300"><subfield code="a">v. :</subfield><subfield code="b">ill. ;</subfield><subfield code="c">38-44 cm.</subfield></datafield><datafield ind1=" " ind2=" " tag="310"><subfield code="a">Monthly</subfield></datafield><datafield ind1=" " ind2=" " tag="500"><subfield code="a">Published in: Glendale, CA, May 13 1997-&lt;Aug. 6, 1997&gt;; Glendora, CA, &lt;Dec. 17, 2004-&gt;.</subfield></datafield><datafield ind1=" " ind2=" " tag="546"><subfield code="a">In Arabic and English.</subfield></datafield><datafield ind1=" " ind2=" " tag="550"><subfield code="a">Issued by: Markaz al-Isti&#699;la&#772;ma&#772;t al-&#699;Arabi&#772;yah, June 1st, 1996-&lt;Aug. 6, 1997&gt;</subfield></datafield><datafield ind1=" " ind2=" " tag="588"><subfield code="a">Description based on: Vol. 1, no. 6 (Sept. 1995); title from caption.</subfield></datafield><datafield ind1=" " ind2=" " tag="588"><subfield code="a">Latest issue consulted: al-Sanah 10, al-&#699;adad 142 (H&#803;azi&#772;raq&#772;n 2006).</subfield></datafield><datafield ind1="2" ind2=" " tag="710"><subfield code="a">Markaz al-&#699;Arabi&#772; lil-Isti&#699;la&#772;ma&#772;t (Los Angeles, Calif.)</subfield></datafield><datafield ind1="2" ind2=" " tag="710"><subfield code="a">Markaz al-Isti&#699;la&#772;ma&#772;t al-&#699;Arabi&#772;yah (Glendale, Calif.)</subfield></datafield><datafield ind1=" " ind2=" " tag="850"><subfield code="a">CLU</subfield></datafield><datafield ind1="1" ind2=" " tag="029"><subfield code="a">AU@</subfield><subfield code="b">000025929300</subfield></datafield></record>